<record><leader>00000cas a22000007a 4500</leader><controlfield tag="001">19462326</controlfield><controlfield tag="008">890327d18931905mouwr ne      0    0eng d</controlfield><datafield ind1=" " ind2=" " tag="010"><subfield code="a">sn 89066416 </subfield></datafield><datafield ind1=" " ind2=" " tag="040"><subfield code="a">MQN</subfield><subfield code="b">eng</subfield><subfield code="c">MQN</subfield><subfield code="d">OCLCQ</subfield></datafield><datafield ind1=" " ind2=" " tag="042"><subfield code="a">msc</subfield></datafield><datafield ind1="0" ind2="4" tag="245"><subfield code="a">The Democrat-register.</subfield></datafield><datafield ind1=" " ind2=" " tag="260"><subfield code="a">Bonne Terre, Mo. :</subfield><subfield code="b">B.A. Roy,</subfield><subfield code="c">-1905.</subfield></datafield><datafield ind1=" " ind2=" " tag="300"><subfield code="a">v.</subfield></datafield><datafield ind1=" " ind2=" " tag="310"><subfield code="a">Weekly</subfield></datafield><datafield ind1="1" ind2=" " tag="362"><subfield code="a">Began in 1893?</subfield></datafield><datafield ind1="0" ind2=" " tag="362"><subfield code="a">-v. 15, no. 52 (Jan. 20, 1905).</subfield></datafield><datafield ind1=" " ind2=" " tag="515"><subfield code="a">Continues numbering of: Bonne Terre democrat.</subfield></datafield><datafield ind1=" " ind2=" " tag="588"><subfield code="a">Description based on: Vol. 9, no. 16 (Oct. 22, 1897).</subfield></datafield><datafield ind1=" " ind2=" " tag="752"><subfield code="a">United States</subfield><subfield code="b">Missouri</subfield><subfield code="c">Saint Francois</subfield><subfield code="d">Bonne Terre.</subfield></datafield><datafield ind1="0" ind2="4" tag="780"><subfield code="t">Bonne Terre register (Bonne Terre, Mo. : 1884)</subfield></datafield><datafield ind1="0" ind2="4" tag="780"><subfield code="t">Bonne Terre democrat</subfield><subfield code="w">(DLC)sn 89066420</subfield></datafield><datafield ind1="0" ind2="0" tag="785"><subfield code="t">Bonne Terre register (Bonne Terre, Mo. : 1905)</subfield><subfield code="w">(DLC)sn 89066418</subfield></datafield></record>